@online{WEBSITE:1,
    HOWPUBLISHED = "\url{https://www.youtube.com/watch?v=LkH2r-sNjQs}",
    AUTHOR = "Tom Scott",
    TITLE = "Why Eletronic Voting Is Still a Bad Idea",
    YEAR = "2020",
    NOTE = "Acessado em 05/04/2022"
}